@article{douglas1956numerical,
  title   = {\href{https://www.jstor.org/stable/pdf/1993056.pdf}{On the numerical solution of heat conduction problems in two and three space variables}},
  author  = {Douglas, Jim and Rachford, Henry H.},
  journal = {Transactions of the American mathematical Society},
  volume  = {82},
  number  = {2},
  pages   = {421--439},
  year    = {1956}
}

@article{drori2014performance,
  title     = {\href{https://arxiv.org/pdf/1206.3209}{Performance of first-order methods for smooth convex minimization: a novel approach}},
  author    = {Drori, Yoel and Teboulle, Marc},
  journal   = {Mathematical Programming},
  volume    = {145},
  number    = {1},
  pages     = {451--482},
  year      = {2014},
  publisher = {Springer}
}

@article{giselsson2017tight,
  title     = {\href{https://link.springer.com/article/10.1007/s11784-017-0417-1}{Tight global linear convergence rate bounds for Douglas--Rachford splitting}},
  author    = {Giselsson, Pontus},
  journal   = {Journal of Fixed Point Theory and Applications},
  volume    = {19},
  number    = {4},
  pages     = {2241--2270},
  year      = {2017},
  publisher = {Springer}
}


@article{moursi2019douglas,
  title     = {\href{https://arxiv.org/pdf/1805.09396}{Douglas--Rachford splitting for the sum of a Lipschitz continuous and a strongly monotone operator}},
  author    = {Moursi, Walaa M. and Vandenberghe, Lieven},
  journal   = {Journal of Optimization Theory and Applications},
  volume    = {183},
  pages     = {179--198},
  year      = {2019},
  publisher = {Springer}
}

@article{motzkin1967arithmetic,
  title   = {The arithmetic-geometric inequality},
  author  = {Motzkin, T. S.},
  journal = {Inequalities (Proc. Sympos. Wright-Patterson Air Force Base, Ohio, 1965)},
  volume  = {205},
  pages   = {54},
  year    = {1967}
}

@article{minty1962monotone,
  title     = {\href{https://projecteuclid.org/journals/duke-mathematical-journal/volume-29/issue-3/Monotone-nonlinear-operators-in-Hilbert-space/10.1215/S0012-7094-62-02933-2.short}{Monotone (nonlinear) operators in Hilbert space}},
  author    = {Minty, George J.},
  year      = {1962},
  volume    = {29},
  journal   = {Duke Mathematical Journal},
  number    = {3},
  publisher = {Duke University Press},
  pages     = {341 -- 346}
}

@article{robinson1973some,
  title     = {Some definite polynomials which are not sums of squares of real polynomials},
  author    = {Robinson, R. M.},
  journal   = {Selected questions of algebra and logic},
  pages     = {264--282},
  year      = {1973},
  publisher = {Acad. Sci. USSR}
}

@article{ryu2020operator,
  title     = {\href{https://arxiv.org/pdf/1812.00146}{Operator splitting performance estimation: tight contraction factors and optimal parameter selection}},
  author    = {Ryu, E. K. and Taylor, A. B. and Bergeling, C. and Giselsson, P.},
  journal   = {SIAM Journal on Optimization},
  volume    = {30},
  number    = {3},
  pages     = {2251--2271},
  year      = {2020},
  publisher = {SIAM}
}

@article{taylor2017smooth,
  title     = {\href{https://arxiv.org/pdf/1502.05666.pdf}{Smooth strongly convex interpolation and exact worst-case performance of first-order methods}},
  author    = {Taylor, Adrien B. and Hendrickx, Julien M. and Glineur, Fran{\c{c}}ois},
  journal   = {Mathematical Programming},
  volume    = {161},
  number    = {1-2},
  pages     = {307--345},
  year      = {2017},
  publisher = {Springer}
}

@article{taylor2017exact,
  title     = {\href{https://arxiv.org/pdf/1512.07516.pdf}{Exact worst-case performance of first-order methods for composite convex optimization}},
  author    = {Taylor, Adrien B. and Hendrickx, Julien M. and Glineur, Fran{\c{c}}ois},
  journal   = {SIAM Journal on Optimization},
  volume    = {27},
  number    = {3},
  pages     = {1283--1313},
  year      = {2017},
  publisher = {SIAM},
  abbr      = {journal}
}

@book{bauschke2017,
  title     = {\href{https://link.springer.com/chapter/10.1007/978-3-319-48311-5_31}{Convex analysis and monotone operator theory in Hilbert spaces}},
  author    = {Bauschke, Heinz H. and Combettes, Patrick L.},
  year      = {2017},
  publisher = {Springer}
}
